@TechReport{Bilmes98agentle,
  author = 	 {Jeff Bilmes},
  title = 	 {A Gentle Tutorial of the {EM} algorithm and its application to Parameter Estimation for {G}aussian Mixture and Hidden {M}arkov Models},
  institution =  {ICSI},
  year = 	 {1997},
  number = 	 {TR-97-021},
}

@Article{Bilgrau2015,
    title = {Unsupervised Clustering and Meta-analysis using Gaussian
      Mixture Copula Models},
    author = {Anders Ellern Bilgrau and Poul Svante Eriksen and Jakob
      Gulddahl Rasmussen and Karen Dybkaer and Hans E. Johnsen and
      Martin Boegsted},
    journal = {(Accepted for) Journal of Statistical Software},
    year = {2015},
  }
  
@Inbook{Elidan2013,
    author= {Elidan, Gal},
    editor= {Jaworski, Piotr and Durante, Fabrizio and H{\"a}rdle, Karl Wolfgang},
    chapter= {Copulas in Machine Learning},
    title= {Copulae in Mathematical and Quantitative Finance: Proceedings of the Workshop Held in Cracow, 10-11 July 2012},
    year= {2013},
    publisher={Springer Berlin Heidelberg},
    address={Berlin, Heidelberg},
    pages={39--60},
  }
  
@inproceedings{Tewari2011,
    author = {Tewari, Ashutosh and Giering, Michael and Raghunathan, Arvind},
    biburl = {http://www.bibsonomy.org/bibtex/210159bdfef0badc7fc055c5d3b214b8b/dblp},
    booktitle = {ICDM Workshops},
    crossref = {conf/icdm/2011w},
    ee = {http://doi.ieeecomputersociety.org/10.1109/ICDMW.2011.135},
    interhash = {888ede97b50cca1bea2cce3e80604b81},
    intrahash = {10159bdfef0badc7fc055c5d3b214b8b},
    isbn = {978-0-7695-4409-0},
    keywords = {dblp},
    pages = {286--292},
    publisher = {IEEE Computer Society},
    timestamp = {2015-06-18T20:52:08.000+0200},
    title = {Parametric Characterization of Multimodal Distributions with Non-gaussian Modes.},
    url = {http://dblp.uni-trier.de/db/conf/icdm/icdmw2011.html#TewariGR11},
    year = 2011
  }

    
@InProceedings{Bhattacharya2014,
    author = {Bhattacharya, Sakyajit  and Rajan, Vaibhav},
    title = {Unsupervised Learning using Gaussian Mixture Copula Model.},
    booktitle = {21st International Conference on Computational Statistics COMPSTAT 2014},
    year = {2014}
    }
    
    
@article{Bedford2002,
 ISSN = {00905364},
 URL = {http://www.jstor.org/stable/1558694},
 author = {Bedford, Tim and Cooke, Roger M.},
 journal = {The Annals of Statistics},
 number = {4},
 pages = {1031--1068},
 publisher = {Institute of Mathematical Statistics},
 title = {Vines: A New Graphical Model for Dependent Random Variables},
 volume = {30},
 year = {2002}
}

@incollection{Elidan2010,
title = {Copula Bayesian Networks},
author = {Gal Elidan},
booktitle = {Advances in Neural Information Processing Systems 23},
editor = {J. D. Lafferty and C. K. I. Williams and J. Shawe-Taylor and R. S. Zemel and A. Culotta},
pages = {559--567},
year = {2010},
publisher = {Curran Associates, Inc.},
url = {http://papers.nips.cc/paper/3956-copula-bayesian-networks.pdf}
}

@article{Liu2009,
 author = {Liu, Han and Lafferty, John and Wasserman, Larry},
 title = {The Nonparanormal: Semiparametric Estimation of High Dimensional Undirected Graphs},
 journal = {J. Mach. Learn. Res.},
 issue_date = {12/1/2009},
 volume = {10},
 month = dec,
 year = {2009},
 issn = {1532-4435},
 pages = {2295--2328},
 numpages = {34},
 url = {http://dl.acm.org/citation.cfm?id=1577069.1755863},
 acmid = {1755863},
 publisher = {JMLR.org},
} 


@book{Kurowicka2009Book,
title = {Dependence Modeling: Vine Copula Handbook},
editor = {Kurowicka, Dorota and Joe, Harry},
year = {2010},
publisher = {World Scientific Publishing Co. Pte. Ltd.},
keywords = {Dependence Modeling; Joint Distributions; Copulae; Vines; Graphical Models; PCC},
url = {http://EconPapers.repec.org/RePEc:wsi:wsbook:7699}
}

@book{Nelsen1999introduction,
  title={An Introduction to Copulas},
  author={Nelsen, Roger B.},
  isbn={9780387986234},
  lccn={98041245},
  series={Lecture notes in statistics},
  url={https://books.google.com/books?id=5Q7ooTrVe9sC},
  year={1999},
  publisher={Springer}
}


@article{Hu2006MixedCopulaFinacialMarkets,
author = { Ling   Hu },
title = {Dependence patterns across financial markets: a mixed copula approach},
journal = {Applied Financial Economics},
volume = {16},
number = {10},
pages = {717--729},
year = {2006},
doi = {10.1080/09603100500426515},

URL = {http://dx.doi.org/10.1080/09603100500426515},
}

@article{Han2013CODA,
author={Fang Han and Tuo Zhao and Han Liu}, 
title={CODA: High Dimensional Copula Discriminant Analysis},
journal={Journal of Machine Learning Research},
volume={14}, 
pages = {629--671},
year = {2013},
url={http://www.jmlr.org/papers/volume14/han13a/han13a.pdf}
}

@article{Ma2012Gini,
title={Application of the Gini correlation coefficient to infer regulatory relationships in transcriptome analysis.},
author={Ma, Chuang and Wang, Xiang-Feng},
journal={Plant physiology},
volume={160},
number={1},
pages={190--203},
year={2012}
}

@Article{Kim2008,
author={Kim, Jong-Min and Jung, Yoon-Sung and Sungur, Engin A. and Han, Kap-Hoon and Park, Changyi and Sohn, Insuk},
title={A copula method for modeling directional dependence of genes},
journal={BMC Bioinformatics},
year={2008},
volume={9},
number={1},
pages={1--12},
doi={10.1186/1471-2105-9-225},
url={http://dx.doi.org/10.1186/1471-2105-9-225}
}

@article{Li2011,
author = {Li, Qunhua and Brown, James B. and Huang, Haiyan and Bickel, Peter J.},
doi = {10.1214/11-AOAS466},
journal = {The Annals of Applied Statistics},
month = {09},
number = {3},
pages = {1752--1779},
publisher = {The Institute of Mathematical Statistics},
title = {Measuring reproducibility of high-throughput experiments},
url = {http://dx.doi.org/10.1214/11-AOAS466},
volume = {5},
year = {2011}
}

@book{Cherubini2004copula,
title={Copula Methods in Finance},
author={Cherubini, U. and Luciano, E. and Vecchiato, W.},
isbn={9780470863459},
series={The Wiley Finance Series},
url={https://books.google.com/books?id=0dyagVg20XQC},
year={2004},
publisher={Wiley}
}

@article {Yu2013GMCMWindPred,
author = {Yu, Jie and Chen, Kuilin and Mori, Junichi and Rashid, Mudassir M.},
title = {A Gaussian mixture copula model based localized Gaussian process regression approach for long-term wind speed prediction},
journal = {Energy},
volume = {61},
issn = {0360-5442},
url = {http://www.sciencedirect.com/science/article/pii/S0360544213007640},
doi = {http://dx.doi.org/10.1016/j.energy.2013.09.013},
pages = {673--686},
year = {2013},
}

@inproceedings{Bilgrau2012quantification,
title={Quantification of reproducibility of microarray experiments by semi-parametric mixture models applied to the detection of differentially expressed genes in B-cell subpopulations},
author={Bilgrau, Anders and Bergkvist, Kim Steve and Kjeldsen, Malene Krag and Falgreen, Steffen and Rodrigo-Domingo, Maria and Schmitz, Alexander and B{\o}dker, Julie St{\o}ve and Nyegaard, Mette and Johnsen, Hans Erik and Dybk{\ae}r, Karen and others},
booktitle={Forskningens Dag 2012},
year={2012}
}

@article {Wang2014,
author = {Wang, Yue and Infield, David G. and Stephen, Bruce and Galloway, Stuart J.},
title = {Copula-based model for wind turbine power curve outlier rejection},
journal = {Wind Energy},
volume = {17},
number = {11},
issn = {1099-1824},
url = {http://dx.doi.org/10.1002/we.1661},
doi = {10.1002/we.1661},
pages = {1677--1688},
keywords = {wind turbine, power curve, outlier rejection, SCADA, copula model},
year = {2014},
}

@inproceedings{Rey2012_CopulaMixture, 
Publisher = {ACM}, 
Title = {Copula Mixture Model for Dependency-seeking Clustering}, 
Url = {http://icml.cc/2012/papers/486.pdf}, 
Booktitle = {Proceedings of the 29th International Conference on Machine Learning (ICML-12)}, 
Author = {Melanie Rey and Volker Roth}, 
Year = {2012}, 
Editor = {John Langford and Joelle Pineau}, 
Address = {New York, NY, USA}, 
Pages = {927--934} 
}



